@online{tetrisai,
    author = "Yiyuan Lee",
    title = "Tetris AI - The (near) perfect tetris bot",
    url  = "https://codemyroad.wordpress.com/2013/04/14/tetris-ai-the-near-perfect-player/",
    keywords = "tetris, bot"
}

@online{tetrisreverseengineering,
    author = "meatfighter",
    title = "The Mechanics of Nintendo Tetris",
    url  = "https://meatfighter.com/nintendotetrisai/#Representing_Tetriminos",
    keywords = "tetris"
}